3913 6176
1075 717 1367 792 Prospicit
1406 720 1518 776 hoc
1554 720 1841 793 prudens,
1915 727 1976 776 et
2014 720 2088 776 ab
2127 717 2244 777 illis
2282 717 2487 793 incfpit
2525 737 2689 776 uxor.

1071 842 1229 899 Sunt
1259 859 1406 915 quas
1441 841 1684 899 eunuchi
1715 842 1937 899 inbelles
1970 860 2041 898 ac
2055 817 2058 820 .
2072 841 2269 899 mollia
2303 848 2523 914 semper
2769 841 2877 913 366

1074 963 1283 1020 Oscula
1318 963 1584 1033 delectent,
1620 968 1673 1020 et
1703 963 2008 1036 desperatio
2042 962 2245 1021 barbae

1025 1078 1035 1088 “
1069 1084 1154 1142 Et
1184 1084 1341 1157 quod
1368 1084 1625 1154 abortiuo
1659 1103 1776 1141 non
1812 1090 1896 1142 est
1925 1091 2069 1155 opus
2104 1085 2203 1142 illa
2239 1085 2515 1157 uoluptas.

1072 1206 1332 1264 Summa
1368 1210 1556 1263 tamen
1593 1207 1751 1279 quod
1778 1206 1898 1262 iam
1935 1205 2118 1263 calida
2154 1211 2384 1262 matura
2421 1207 2648 1262 iuuenta

1070 1319 1332 1400 Inguina
1366 1327 1673 1383 traduntur
1705 1326 1948 1383 medicis.
2010 1329 2131 1382 iam
2161 1329 2369 1399 pectine
2405 1305 2594 1400 nigro.

1070 1447 1233 1521 Ergo
1267 1453 1569 1521 expectatos
1601 1466 1671 1505 ac
1704 1450 1891 1504 iussos
1926 1466 2155 1505 crescere
2185 1450 2443 1521 primum

1078 1569 1391 1627 Testiculos.
1453 1574 1760 1642 postquam
1798 1575 2092 1643 coeperunt
2121 1588 2236 1626 esse
2269 1571 2505 1627 bilibres.

1078 1691 1134 1749 T
1126 1694 1352 1748 onson's
1387 1697 1608 1749 tantum
1644 1693 1862 1749 damno
1897 1693 2048 1765 rapit
2077 1691 2413 1751 heliodorus.
2767 1708 2875 1764 373

1072 1813 1394 1886 Magonum
1436 1830 1655 1885 pueros
1693 1830 1836 1870 uera
1872 1830 1941 1869 ac
1981 1813 2331 1870 miserabilis
2369 1812 2485 1869 urit

1073 1933 1379 1991 Debilitas.
1455 1934 1741 2007 follesque
1780 1935 1965 2024 pudet:
2002 1934 2333 2008 cicerisque
2371 1934 2553 1992 relicti

981 2057 989 2065 ’
1073 2055 1422 2127 Conspicuus
1455 2056 1623 2128 longe
1657 2057 1975 2129 cunctisque
2009 2055 2271 2113 notabilis
2307 2057 2484 2113 intrat
2765 2074 2873 2130 374

1068 2175 1308 2235 Balnea.
1381 2195 1480 2236 nec
1513 2176 1675 2234 dubie
1710 2177 1991 2237 custodem
2030 2179 2165 2234 uitis
2197 2183 2253 2235 et
2282 2179 2395 2235 orti

1067 2298 1370 2357 Prouocat.
1442 2318 1480 2356 a
1515 2300 1753 2356 domina
1770 2301 1970 2376 sactus
2003 2299 2183 2371 spado
2219 2298 2472 2356 dormiat
2502 2299 2591 2355 ille

1071 2420 1219 2479 Cum
1253 2421 1508 2477 domina.
1557 2418 1679 2477 Sed
1708 2426 1768 2477 tu
1805 2422 1923 2478 iam
1960 2419 2175 2477 durum
2202 2425 2466 2492 postume
2500 2421 2728 2494 iamque

1074 2542 1130 2600 T
1121 2541 1445 2601 ondendum
1481 2541 1734 2602 eunucho
1769 2542 2056 2599 bromium
2093 2543 2366 2600 comittere
2402 2543 2537 2599 noli.

1067 2664 1145 2720 Si
1167 2663 1383 2736 gaudet
1412 2669 1599 2721 cantu.
1667 2663 1885 2721 nullius
1902 2662 2100 2737 fibula
2131 2629 2309 2720 durat

1066 2803 1256 2844 uocem
1295 2786 1584 2842 uendentis
1610 2784 1981 2858 praetoribus.
2054 2802 2278 2859 organa
2312 2751 2531 2857 semper

1063 2907 1138 2966 In
1176 2906 1460 2967 manibus.
1523 2907 1690 2965 densi
1719 2906 1953 2963 radiant
1985 2906 2251 2966 testudine
2287 2911 2400 2963 tota

1065 3028 1408 3090 Sardonices
1443 3010 1626 3101 crispo
1649 3032 2031 3086 numerantur
2057 3028 2263 3100 pectine
2298 3027 2509 3085 cordae.

1063 3152 1195 3226 Quo
1230 3156 1381 3208 tener
1396 3150 1678 3222 ydimeles
1711 3157 1911 3223 operas
1943 3150 2106 3208 dedit.
2177 3150 2331 3207 hunc
2364 3155 2503 3207 tenet
2533 3150 2638 3208 hoc
2671 3169 2729 3206 se

1060 3273 1316 3331 Solatur.
1378 3278 1656 3347 gratoque
1692 3273 1945 3346 indulget
1976 3271 2138 3329 basia
2164 3272 2384 3345 plectro.

1064 3394 1369 3471 Quaedam
1408 3394 1475 3450 de
1509 3412 1747 3452 numero
1783 3396 2097 3452 lamiarum
2136 3396 2391 3451 nominis
2425 3395 2534 3451 alti

1063 3517 1212 3576 Cum
1233 3519 1418 3594 farre,
1457 3521 1509 3571 et
1541 3517 1678 3572 uino
1714 3517 1917 3572 ianum
1955 3519 2280 3588 uestamque
2315 3514 2565 3587 rogabat.
2627 3584 2634 3590 ,

1057 3639 1159 3696 An
1198 3638 1559 3711 capitolinam
1597 3638 1805 3694 deberet
1827 3638 2004 3710 pollio
2039 3653 2304 3710 quercum

1059 3763 1315 3835 Sperare.
1376 3767 1428 3818 et
1442 3760 1668 3834 fidibus
1693 3762 2030 3833 promittere.
2102 3760 2247 3834 quid
2259 3762 2475 3834 faceret
2496 3760 2632 3834 plus

1059 3865 1405 3956 Aegrotante
1441 3899 1583 3939 u1r0.
1655 3853 1884 3939 medicis
1920 3881 2066 3955 quid
2095 3883 2345 3938 tm’stibus
2379 3901 2516 3955 erga

1058 4007 1117 4064 F
1112 4006 1345 4061 iliolum.
1417 4007 1561 4061 stetit
1591 4009 1718 4062 ante
1751 4022 1937 4061 aram.
2014 4022 2111 4061 nec
2145 4010 2304 4076 turpe
2330 4005 2553 4077 putabit

1057 4128 1181 4187 Pro
1216 4126 1435 4184 cithara
1473 4127 1654 4185 uelare
1690 4131 1866 4199 caput
1927 4092 2237 4200 dictataque
2274 4126 2442 4183 uerba

1057 4249 1294 4309 Pertulit
1326 4255 1391 4306 ut
1421 4267 1550 4305 mos
1585 4253 1675 4305 est.
1737 4254 1788 4305 et
1818 4254 2010 4321 aperta
2036 4248 2247 4321 palluit
2276 4265 2453 4321 agna.

1058 4373 1172 4429 Dic
1205 4370 1381 4431 michi
1413 4389 1567 4428 nunc
1601 4388 1784 4443 queso,
1860 4370 1951 4428 dic
1985 4370 2378 4443 antiquissime
2412 4368 2609 4427 divum

1056 4493 1380 4566 Respondes
1414 4492 1505 4549 his
1541 4495 1669 4550 iane
1699 4498 1871 4564 pater.
1943 4491 2172 4565 Magna
2208 4494 2321 4550 otia
2357 4493 2508 4549 caeli.

1054 4615 1189 4674 Non
1227 4620 1308 4671 est
1342 4620 1405 4671 ut
1438 4615 1614 4674 uideo.
1676 4632 1793 4672 non
1830 4620 1924 4672 est.
1991 4613 2135 4689 quid
2164 4618 2378 4686 agatur
2408 4611 2568 4686 apud
2600 4630 2718 4669 uos.

1055 4738 1217 4794 Haec
1250 4736 1315 4792 de
1351 4737 1594 4794 comedis
1629 4741 1676 4792 te
1711 4737 1964 4795 consulit.
2044 4737 2145 4793 illa
2182 4734 2512 4808 tragoedum

1058 4859 1467 4923 Commendare
1506 4859 1660 4916 uolet.
1738 4860 2032 4916 uaricosus
2049 4859 2160 4931 fiet
2190 4865 2449 4930 aruspex.
2751 4872 2855 4929 397
