3913 6176
1034 684 1351 747 Nummus,
1424 697 1475 748 et
1505 710 1533 748 e
1558 693 1726 765 pleno
1759 699 1981 767 semper
2011 693 2241 752 tollatur
2272 710 2487 751 acerem.

1032 934 1100 991 In
1138 953 1514 1011 quacumque
1551 939 1728 995 domo
1766 939 1910 998 uiuit
1946 939 2212 1013 luditque
2249 937 2558 1012 professus

1029 1060 1397 1121 Obscenum.
1472 1071 1530 1120 et
1569 1063 1820 1121 tremula
1856 1062 2147 1136 promittit
2185 1061 2382 1119 omnia
2420 1062 2647 1130 dextra,

1031 1180 1313 1241 Inuenies
1349 1184 1545 1241 omnis
1582 1193 1789 1258 turpes
1825 1185 2173 1258 similesque
2210 1182 2455 1240 cinediS.

1032 1302 1146 1359 His
1182 1304 1407 1362 uiolare
1443 1305 1608 1363 cibos
1644 1323 1969 1380 sacraeque
2004 1306 2298 1363 adsistere
2335 1320 2583 1362 mensae

1031 1425 1400 1484 Permittunt.
1472 1436 1532 1485 et
1570 1445 1714 1485 uasa
1750 1427 1955 1484 iubent
1992 1427 2319 1500 frangenda
2356 1424 2555 1482 lauari.

1026 1545 1179 1603 Cum
1217 1547 1544 1605 colocintha
1583 1549 1730 1606 bibit
1766 1549 1862 1606 uel
1901 1566 2037 1606 cum
2077 1549 2321 1606 barbata
2358 1545 2651 1603 chelidon.

1030 1668 1243 1725 Purior
1277 1687 1422 1742 ergo
1460 1669 1581 1728 tuis
1617 1670 1842 1728 laribus
1880 1670 2212 1743 meliorque
2250 1668 2484 1738 lanista,
2583 1695 2594 1701 ·

1029 1789 1095 1845 In
1136 1790 1303 1847 cuius
1342 1808 1594 1848 numero
1631 1791 1808 1864 longe
1846 1793 2107 1865 migrare
2143 1790 2378 1848 iubetur

1031 1911 1246 1968 Psillus
1282 1912 1358 1969 ab
1394 1912 1689 1986 eupholio.
1762 1913 1903 1987 quid
1941 1914 2101 1987 quod
2142 1930 2254 1988 nec
2291 1909 2436 1968 retia
2471 1908 2628 1982 turpi

1027 2033 1360 2105 Iunguntur
1395 2034 1644 2092 tunicae.
1718 2053 1828 2093 nec
1866 2035 2014 2092 cella
2053 2034 2220 2108 ponit
2256 2034 2465 2091 eadem

1025 2152 1397 2212 Munimenta
1434 2156 1667 2213 humeri
1705 2156 2123 2230 pulsatamque
2160 2172 2329 2212 arma
2365 2155 2704 2212 tridentem.

1025 2273 1142 2345 Qui
1182 2278 1379 2333 nudus
1421 2295 1689 2350 pugnare
1725 2279 1876 2336 solet
1915 2296 2059 2351 pars
2096 2277 2301 2336 ultima
2338 2276 2460 2334 ludi

1020 2398 1257 2473 Accipit
1291 2418 1360 2458 as
1396 2401 1643 2472 animas»,
1681 2401 1949 2475 aliosque
1988 2402 2047 2458 in
2087 2418 2326 2458 carcere
2363 2415 2604 2456 neruoS.

1024 2519 1145 2576 Sed
1184 2520 1287 2578 tibi
1325 2539 1710 2579 communem
1751 2521 1993 2579 calicem
2032 2521 2167 2579 facit
2204 2538 2371 2578 uxor.
2445 2528 2503 2576 et
2543 2518 2657 2576 illis

1020 2641 1206 2698 Ccum
1244 2641 1461 2715 quibus
1496 2643 1772 2701 albanum
1813 2642 2335 2717 surrentinumque
2371 2650 2606 2700 recusat

1023 2765 1070 2820 F
1075 2764 1207 2821 laua
1245 2763 1470 2822 ruinosi
1509 2760 1649 2838 lupa
1686 2767 2005 2839 degustare
2043 2765 2322 2838 sepulcri.

1022 2885 1255 2943 Horum
1294 2886 1558 2944 consiliis
1595 2889 1843 2944 nubunt.
1915 2886 2265 2961 subitaeque
2301 2885 2606 2942 recedunt.

1021 3005 1136 3068 His
1172 3007 1551 3080 languentem
1588 3008 1851 3065 animum
1891 3016 2134 3066 seruant
2172 3016 2229 3064 et
2268 3006 2426 3064 seria
2463 3005 2637 3063 uitae.

2723 695 2832 768 364

761 817 985 874 feputant
1030 809 1166 868 Non
1197 830 1479 887 umquam
1517 815 1767 887 r'epetunt
1794 817 2000 889 quanti
2022 833 2132 872 sua
2152 816 2376 889 gaudia
2408 819 2658 873 constent
2724 817 2832 889 365

1019 3129 1134 3191 His
1170 3131 1406 3188 clunem
1443 3140 1618 3204 atque
1659 3130 1811 3188 latus
1849 3131 2087 3188 discunt
2125 3130 2358 3187 uibrare
2398 3128 2711 3202 magistris·

1016 3250 1309 3324 Quicquid
1348 3261 1622 3326 preterea
1660 3252 1771 3310 scit
1809 3252 1909 3326 qui
1948 3254 2124 3310 docet
2163 3252 2316 3309 haud
2357 3259 2563 3308 tamen
2603 3249 2687 3309 illi

1015 3373 1275 3447 Semper
1313 3374 1586 3431 habenda
1624 3375 1792 3433 fides.
1865 3374 2072 3431 oculos
2111 3373 2357 3446 fuligine
2394 3370 2603 3445 pascit.

1018 3493 1345 3553 Distinctus
1383 3496 1607 3553 croceis
1645 3505 1703 3553 et
1743 3496 2082 3554 reticulatus
2120 3494 2352 3553 adulter

1018 3612 1349 3687 Suspectus
1387 3615 1490 3672 tibi
1529 3616 1622 3674 sit.
1698 3625 1920 3690 quanto
1961 3635 2079 3673 uox
2118 3615 2365 3673 mollior.
2438 3623 2496 3671 et
2533 3632 2651 3688 quo

1015 3736 1235 3809 Sepius
1273 3734 1332 3793 in
1372 3738 1595 3795 teneris
1634 3739 1864 3796 herebit
1902 3740 2147 3796 dextera
2187 3738 2406 3795 lumbis

1013 3858 1128 3914 Hic
1166 3858 1276 3915 erit
1315 3859 1372 3916 in
1412 3868 1568 3917 tecto
1606 3860 1985 3918 fortissimus
2058 3859 2219 3918 exuit
2258 3858 2373 3916 illic

1016 3979 1366 4036 Personam.
1440 3982 1642 4050 docilis
1678 3982 1838 4039 thais
1876 3981 2085 4040 saltata
2123 3980 2372 4054 tripallo,

1014 4082 1207 4171 Quem
1250 4101 1409 4159 rides
1447 4103 1576 4160 aliis
1606 4091 1774 4160 ⁸hunc
1815 4104 2061 4162 mimum
2103 4103 2349 4177 sponsio
2388 4104 2505 4159 fiat.

1015 4221 1233 4278 Purum
1272 4230 1331 4279 te
1369 4225 1667 4280 contendo
1704 4225 1899 4283 uirum
1937 4225 2235 4282 contendo
2273 4225 2474 4281 fateris

1008 4359 1109 4416 An
1151 4368 1323 4416 uocat
1362 4360 1605 4419 ancillas
1643 4363 1881 4420 tortoris
1919 4326 2149 4436 pergula.
2223 4363 2363 4420 noui

1009 4481 1284 4538 Consilia.
1357 4490 1415 4538 et
1457 4492 1693 4540 ueteres
1733 4502 2146 4558 quaecumque
2184 4485 2443 4541 monetis
2481 4485 2655 4548 amici

1014 4601 1178 4658 Pone
1217 4619 1416 4659 seram
1456 4604 1721 4663 cohibes.
1798 4607 1905 4662 sed
1946 4606 2082 4679 quis
2121 4606 2408 4664 custodiat
2448 4608 2614 4681 ipsos

1009 4722 1326 4782 Custodes.
1400 4726 1500 4799 qui
1540 4745 1698 4784 nunc
1740 4727 1997 4786 lasciuae
2036 4728 2186 4785 furta
2225 4729 2458 4802 puellae

1023 4843 1154 4900 Hac
1195 4847 1474 4904 mercede
1513 4847 1700 4905 silent.
1775 4849 1999 4905 crimen
2039 4866 2294 4908 comune
2334 4858 2572 4911 tacetur.
